 
 @inproceedings{Fick1870,
 	author={Adolf Eugen Fick},
	title={{Ü}ber die {M}essung des {B}lutquantums in den {H}erzventrikeln},
	booktitle={Sitzungsberichte der Physikalisch-Medizinischen Gesesllschaft zu Würzburg},
	year={1870},
	pages={16}
 }
 
 @article{Kety45,
	 author={Seymore S. Kety and Carl F. Schmidt},
	 title={The Determination of Cerebral Blood Flow in Man by the Use of Nitrous Oxide in Low Concentrations},
	 journal={Am J Physiol},
	 year={1945},
	 volume={143},
	 number={1},
	 pages={53--66}
 }
 
 
 @article{Meier54,
	 author={Paul Meier and Kenneth L Zierler},
	 title={On the Theory of the Indicator-Dilution Method for Measurment of Blood Flow and Volume},
	 journal={J Appl Physiol},
	 year={1954},
	 volume={6},
	 number={12},
	 pages={731--744}
 }


@article{tofts99,
  title={Estimating kinetic parameters from {Dynamic Contrast-Enhanced T1-weighted MRI} of a diffusable tracer: standardized quantities and symbols},
  author={Tofts, Paul S and Brix, Gunnar and Buckley, David L and Evelhoch, Jeffrey L and Henderson, Elizabeth and Knopp, Michael V and Larsson, Henrik BW and Lee, Ting-Yim and Mayr, Nina A and Parker, Geoffrey JM},
  journal={J Magn Reson Imaging},
  volume={10},
  number={3},
  pages={223--232},
  year={1999}
  }

@article{sourbron08,
    title={{MRI}-measurement of perfusion and glomerular filtration in the human kidney with a separable compartment model},
    author={Sourbron, Steven P and Michaely, Henrik J and Reiser, Maximilian F and Schoenberg, Stefan O},
    journal={Invest Radiol},
    volume={43},
    number={1},
    pages={40--48},
    year={2008},
    publisher={LWW}
  }
 
 
@article{sourbron10,
   title={Technical aspects of {MR} perfusion},
   author={Sourbron, Steven},
   journal={Eur J Radiol},
   volume={76},
   number={3},
   pages={304--313},
   year={2010},
   publisher={Elsevier}
 }
 
 
 
 
 @article{Zierler65,
	 author={Kenneth L Zierler},
	 title={Equations for Measuring Blood Flow by External Monitoring of Radioisotopes},
	 journal={Circ Res},
	 year={1965},
	 volume={16},
	 number={4},
	 pages={309--321}
 }
 
 